<?xml version="1.0" encoding="UTF-8"?><collection xmlns="http://www.loc.gov/MARC21/slim"><record><leader>00488nam--2200157-i-4500</leader><controlfield tag="001">000014150</controlfield><controlfield tag="002">20161230</controlfield><controlfield tag="005">20161230201030</controlfield><controlfield tag="008">060222s1000------------r-----000-0-eng-d</controlfield><datafield ind1=" " ind2=" " tag="080"><subfield code="a">517.988.54</subfield></datafield><datafield ind1="1" ind2=" " tag="100"><subfield code="a">Chow, Shui-nee And Hale, Jack K</subfield></datafield><datafield ind1="1" ind2="0" tag="245"><subfield code="a">Methods of bifurcation theory.with 97 illustra tion</subfield></datafield><datafield ind1=" " ind2=" " tag="260"><subfield code="a">New York, Springer-verlag, 1982. Ix + 515 P</subfield></datafield><datafield ind1=" " ind2=" " tag="490"><subfield code="a">Grundlehren Der Mathematischen Wissenschaften Nr.251</subfield></datafield><datafield ind1=" " ind2=" " tag="852"><subfield code="a">70148</subfield><subfield code="c">517.9</subfield></datafield><datafield ind1=" " ind2=" " tag="CAT"><subfield code="a">Sys</subfield><subfield code="c">20090326</subfield><subfield code="h">113043</subfield></datafield></record></collection>